@misc{Matlab_Install,
	author = {TU/e},
	title = {TU/e Matlab Installation instructions on Linux},
	howpublished = "\url{https://intranet.tue.nl/universiteit/diensten/ict-services/hulp-en-ondersteuning/software-tue-werkplek/matlab-voor-linux/}",
}

@misc{Matlab_PSP,
	author = {Mathworks},
	title = {Matlab Pixhawk PSP},
	howpublished = "\url{https://nl.mathworks.com/hardware-support/forms/pixhawk-downloads-conf.html?elqsid=1539948744240&potential_use=Education}",
}

@misc{GCC_Compiler,
	author = {px4},
	title = {Gcc Compiler},
	howpublished = "\url{https://dev.px4.io/en/setup/dev_env_linux_ubuntu.html#nuttx-based-hardware}",
}
@misc{Dialout,
	author = {px4},
	title = {Adding User to Dialout},
	howpublished = "\url{https://dev.px4.io/en/setup/dev_env_linux.html#Development-Toolchain}",
}
@misc{Boot_Process,
	author = {px4},
	title = {System Startup},
	howpublished = "\url{https://dev.px4.io/en/concept/system_startup.html}",
}
@misc{NSH,
	author = {px4},
	title = {PX4 System Console},
	howpublished = "\url{https://dev.px4.io/en/debug/system_console.html}",
}
@misc{Connecting2Network,
	author = {Tech United},
	title = {How to connect to the TU/e wireless network},
	howpublished = "\url{http://www.techunited.nl/wiki/index.php?title=How_to_connect_to_the_TU/e_wireless_network}",
}
@misc{Col_Term,
	author = {TU/e},
	title = {Embedded Motion Control/Tutorials/Customizing Ubuntu},
	howpublished = "\url{http://cstwiki.wtb.tue.nl/index.php?title=Embedded_Motion_Control/Tutorials/Customizing_Ubuntu}",
}
@misc{PSPLoadError,
	author = {Mathworks},
	title = {PSP window load error},
	howpublished = "\url{https://nl.mathworks.com/matlabcentral/answers/364551-why-is-matlab-unable-to-run-the-matlabwindow-application-on-linux}",
}
@misc{Metacity,
	author = {Metacity community},
	title = {Ubuntu Metacity},
	howpublished = "\url{https://help.ubuntu.com/community/Metacity}",
}
@misc{BashOnWindows10,
	author = {How-To-Geek},
	title = {How to install Bash on Windows 10},
	howpublished = "\url{https://www.howtogeek.com/249966/how-to-install-and-use-the-linux-bash-shell-on-windows-10/}",
}
@misc{MatlabWindows,
	author = {},
	title = {},
	howpublished = "\url{https://intranet.tue.nl/en/university/services/ict-services/help-and-support/software-tue-device/matlab/}",
}


@misc{MathworksPSP_1,
	author = {Mathworks},
	title = {Pixhawk PX4 Support for Embedded Coder},
	howpublished = "\url{https://nl.mathworks.com/hardware-support/pixhawk.html}",
}

@misc{MathworksPSP_2,
	author = {Mathworks},
	title = {Pixhawk Support Package},
	howpublished = "\url{https://nl.mathworks.com/hardware-support/forms/pixhawk-downloads-conf.html?elqsid=1548015815453&potential_use=Education}",
}



